@manual{V61,
  author = {TU Dortmund},
  title = {V61 - He-Ne laser},
  year = {2023}
}
@online{Wikipedia,
  url = {https://en.wikipedia.org/wiki/Helium%E2%80%93neon_laser},
  urldate = {2023-10-17},
  title = {Wikipedia},
  subtitle = {Helium-neon laser},
  year = {2023}
}

@phdthesis{emission,
    author = {El-Henawi, Hassan},
    year = {2019},
    month = {08},
    pages = {},
    title = {Simulation, Fabrication, and Characterization of Optically Pumped Semiconductor Disk Lasers Without Substrate Removal},
    doi = {10.13140/RG.2.2.20281.93281}
}
@online{resonator,
    url = {https://www.edmundoptics.de/knowledge-center/application-notes/lasers/laser-resonator-modes/},
    urldate = {2023-10-17},
    title = {Laserresonator und Resonatormoden},
    year = {2023}
}
@inproceedings{TEM,
author = {de Moraes, Diego and Czekanski, Aleksander},
year = {2017},
month = {11},
pages = {},
title = {Thermal Modeling of 304L Stainless Steel for Selective Laser Melting: Laser Power Input Evaluation},
doi = {10.1115/IMECE2017-72224}
}
@online{Brewster,
  url = {https://en.wikipedia.org/wiki/Brewster%27s_angle},
  urldate = {2023-10-17},
  title = {Wikipedia},
  subtitle = {Brewster's angle},
  year = {2023}
}