@manual{V21,
  author = {TU Dortmund},
  title = {V21 - Optisches Pumpen},
  year = {2022}
}
@online{Wikipedia,
  url = {https://de.wikipedia.org/},
  urldate = {2022-04-23},
  title = {Wikipedia},
  year = {2022}
  }
@manual{OptischesPumpen,
  author = {Gersch, Roland and Kul, Fatma and Striepling, Tanja and Stromenger, Christian},
  title = {Optisches Pumpen am Rubidium},
  year = {2002},
  publisher = {Universität Köln},
  url={http ://www.roland-gersch.de/labs/fprubidium.pdf},
  urldate ={12.06.2022}
}
@manual{OpticalPumping,
  author = {Eric D.Black},
  title = {Optical Pumping},
  year = {2014},
  publisher = {California Institute of Technology},
  url = {http://www.roland-gersch.de/labs/fprubidium.pdf },
  urldate = {12.06.2022}
}
