@manual{V61,
  author = {TU Dortmund},
  title = {V60 Diode Laser spectroscopy},
  year = {2023}
}

@phdthesis{emission,
    author = {El-Henawi, Hassan},
    year = {2019},
    month = {08},
    pages = {},
    title = {Simulation, Fabrication, and Characterization of Optically Pumped Semiconductor Disk Lasers Without Substrate Removal},
    doi = {10.13140/RG.2.2.20281.93281}
}
