@manual{Versuchsbeschreibung,
  author = {TU Dortmund},
  title = {V70 - Der Vakuumsversuch},
  year = {2022}
}
@online{Wikipedia,
  url = {https://de.wikipedia.org/},
  urldate = {2022-04-23},
  title = {Wikipedia},
  year = {2022}
  }
@online{pfeiffer,
url = {https://www.pfeiffer-vacuum.com/de/},
urldate = {2022-07-16},
title = {Pfeiffer Vacuum}
}
