@manual{sample,
  author = {TU Dortmund},
  title = {Versuch zum Literaturverzeichnis},
  year = 2021
}
@online{Myon-Wikipedia,
  url = {https://de.wikipedia.org/wiki/Myon},
  urldate = {2022-04-23},
  title = {Das Myon},
  year = {2022}
  }
@manual{Q1,
  author = {Claus Grupen},
  title = {Einstieg in die Astroteilchenphysik},
  year = 2017
}
@online{PDG,
  url = {https://pdglive.lbl.gov/Particle.action?node=S004&init=0},
  urldate = {2022-04-24},
  title = {Myonen},
  year = {2022}
  }