@manual{V64,
  author = {TU Dortmund},
  title = {V64 - Interferometry},
  year = {2023}
}
