@manual{V47,
  author = {TU Dortmund},
  title = {V47 Temperature dependence of molar heat of copper},
  year = {2023}
}