@manual{Versuchsbeschreibung,
  author = {TU Dortmund},
  title = {V00 - Beispielversuch},
  year = {2022}
}
@online{Wikipedia,
  url = {https://de.wikipedia.org/},
  urldate = {2022-04-23},
  title = {Wikipedia},
  year = {2022}
  }
